@BOOK{lossmodel,
AUTHOR    = {A. Klugman, Stuart. and H.Panjer, Harry and E.Willmot, Gordon}, 
TITLE     = {Loss models from data to decisions},
PUBLISHER = {Hoboken, N.J. : John Wiley \& Sons},
YEAR      = {2008},
Volume    = {},
Series    = {},
Address   = {},
Edition   = {Third Edition},
Month     = {},
Note      = {},
Key       = {},
}

@BOOK{monotone,
AUTHOR    = {Knap, Anthony W.}, 
TITLE     = {Basic Real Analysis},
PUBLISHER = {Boston : Birkhauser},
YEAR      = {2005},
Volume    = {},
Series    = {},
Address   = {},
Edition   = {Third Edition},
Month     = {},
Note      = {},
Key       = {},
}

@BOOK{rigprob,
AUTHOR    = {S. Rosenthal, Jeffrey}, 
TITLE     = {A first look at rigorous probability theory},
PUBLISHER = {World Scientific Publishing Co. Pte. Ltd.},
YEAR      = {2006},
Volume    = {},
Series    = {},
Address   = {},
Edition   = {2nd Edition},
Month     = {},
Note      = {},
Key       = {}
}

@BOOK{returndist,
AUTHOR    = {Knight, John and Satchell, Stephen}, 
TITLE     = {Return distribution in finance},
PUBLISHER = {Butterwoth-Heinemann Finance},
YEAR      = {2001},
Volume    = {},
Series    = {},
Address   = {},
Edition   = {},
Month     = {},
Note      = {},
Key       = {}
}

@mastersthesis{appGNL,
  author       = {Wu, Fan}, 
  title        = {Applicaion of The Normal Laplace and Generalized Normal Laplace Distributions},
  school       = {University of Victoria},
  year         = 2008,
  address      = {},
  note         = {},


}
@article{yamazato1978unimodality,
  title={Unimodality of infinitely divisible distribution functions of class L},
  author={Yamazato, Makoto},
  journal={The Annals of Probability},
  pages={523--531},
  year={1978},
  publisher={JSTOR}
}

@mastersthesis{distquadGNL,
  author       = {Groparu-Cojocaru, Ionica}, 
  title        = {Quadratic distance methods applied to generalized normal Laplace distribution},
  school       = {Université de Montréal},
  year         = 2007,
  address      = {},
  note         = {},

}

@article{coheranceTVAR,
   author = {{Acerbi}, C. and {Tasche}, D.},
    title = "{On the coherence of Expected Shortfall}",
  journal = {eprint arXiv:cond-mat/0104295},
   eprint = {cond-mat/0104295},
 keywords = {Condensed Matter - Statistical Mechanics, Quantitative Finance - Risk Management},
     year = 2001,
    month = apr,
   adsurl = {http://adsabs.harvard.edu/abs/2001cond.mat..4295A},
  adsnote = {Provided by the SAO/NASA Astrophysics Data System}
}


@article{unimodal,
  title={A Monotonically Convergent Newton Iteration for the Quantiles of any Unimodal Distribution, with Application to the Inverse Gaussian Distribution},
  author={Giner, G{\"o}knur and Smyth, Gordon K},
  year={2014},
  publisher={Citeseer}

}

@article{uniproof,
 title={Unimodality of infinitely divisible distribution functions of class L},
  author={Yamazato, Makoto},
  journal={The Annals of Probability},
  pages={523--531},
  year={1978},
  publisher={JSTOR}
}

@article{Doray,
title={Inference for the Generalized Normal Laplace Distribution},
  author={Groparu-Cojocaru, Ionica and Doray, Louis G},
  journal={Communications in Statistics-Simulation and Computation},
  volume={42},
  number={9},
  pages={1989--1997},
  year={2013},
  publisher={Taylor \& Francis}
}

@MANUAL{Proba,
author = {Krishna B. Athreya and Soumendra N. Lahirie},
title = {Measure theory and probability theory},
publisher = {New York : Springer},
year = {2006}
}



@MANUAL{analysis,
author = {Rinaldo B. Schinazi},
title = {From calculus to Analysis},
publisher = {Boston : Birkhäuser Boston},
year = {2012}
}



